@article{south1997escaping,
  title={Escaping distressed neighborhoods: Individual, community, and metropolitan influences},
  author={South, Scott J and Crowder, Kyle D},
  journal={American Journal of Sociology},
  volume={102},
  number={4},
  pages={1040--1084},
  year={1997},
  publisher={University of Chicago Press}
}

@article{crowder2005race,
  title={Race, class, and changing patterns of migration between poor and nonpoor neighborhoods},
  author={Crowder, Kyle and South, Scott J},
  journal={American Journal of Sociology},
  volume={110},
  number={6},
  pages={1715--1763},
  year={2005},
  publisher={The University of Chicago Press}
}

@article{karpman2019despite,
  title={Despite Labor Market Gains in 2018, There Were Only Modest Improvements in Families’ Ability to Meet Basic Needs},
  author={Karpman, Michael and Zuckerman, Stephen and Gonzalez, Dulce},
  journal={From Safety Net To Solid Ground Research Briefs},
  pages={1-14},
  year={2019},
  publisher={Urban Institute}
}

@article{jchs2019state,
  title={Housing Challenges},
  author={Joint Center for Housing Studies},
  journal={State of the Nation's Housing Reports},
  pages={30-37},
  year={2018},
  publisher={Harvard University}
}

@article{cutler1999rise,
  title={The rise and decline of the American ghetto},
  author={Cutler, David M and Glaeser, Edward L and Vigdor, Jacob L},
  journal={Journal of political economy},
  volume={107},
  number={3},
  pages={455--506},
  year={1999},
  publisher={The University of Chicago Press}
}

@article{allison1999comparing,
  title={Comparing logit and probit coefficients across groups},
  author={Allison, Paul D},
  journal={Sociological methods \& research},
  volume={28},
  number={2},
  pages={186--208},
  year={1999},
  publisher={Sage Publications, Inc.}
}

@article{mishel2015wage,
  title={Wage stagnation in nine charts},
  author={Mishel, Lawrence and Gould, Elise and Bivens, Josh},
  journal={Economic Policy Institute},
  volume={6},
  year={2015}
}

@article{quillian2012segregation,
  title={Segregation and poverty concentration: The role of three segregations},
  author={Quillian, Lincoln},
  journal={American Sociological Review},
  volume={77},
  number={3},
  pages={354--379},
  year={2012},
  publisher={Sage Publications Sage CA: Los Angeles, CA}
}

@book{massey1993american,
  title={American apartheid: Segregation and the making of the underclass},
  author={Massey, Douglas S and Denton, Nancy A},
  year={1993},
  publisher={Harvard University Press}
}

@article{cameron2015practitioner,
  title={A practitioner’s guide to cluster-robust inference},
  author={Cameron, A Colin and Miller, Douglas L},
  journal={Journal of Human Resources},
  volume={50},
  number={2},
  pages={317--372},
  year={2015},
  publisher={University of Wisconsin Press}
}